@thesis{Vela2024,
    author = {Agustin Vela Luengo},
    title = {Oculto por revisión},
    type = {Trabajo integrador final},
    institution = {Oculto por revisión},
    year = {2024},
}

@misc{CSOrd53,
    author = {Oculto por revisión},
    title = {Ordenanza C.S. Nro. 53D/16},
    year = {2016},
}

@online{ejemplos,
    author = {Oculto por revisión},
    title = {Ejemplos Motores de Reglas},
    year = {2025},
    url = {https://github.com/IvanB101/ejemplos-motores-reglas},
}

@misc{dospuRes21,
    author = {Oculto por revisión},
    title = {Resolución Nro. 21D/21},
    year = {2021},
}

@misc{dospuRes60,
    author = {Oculto por revisión},
    title = {Resolución Nro. 60},
    year = {2022},
}
