@thesis{Vela2024,
    author = {Agustin Vela Luengo},
    title = {Un Sistema Informático de Expendio de Órdenes para DOSPU},
    type = {Trabajo integrador final},
    institution = {Universidad Nacional de San Luis},
    year = {2024},
}

@misc{CSOrd53,
    author = {Consejo Superior de la Universidad de San Luis},
    title = {Ordenanza C.S. Nro. 53D/16},
    year = {2016},
}

@online{ejemplos,
    author = {Iván Brocas},
    title = {Ejemplos Motores de Reglas},
    year = {2025},
    url = {https://github.com/IvanB101/ejemplos-motores-reglas},
}

@misc{dospuRes31,
    author = {Directorio DOSPU},
    title = {Resolución Nro. 31D/17},
    year = {2017},
}

@misc{dospuRes43,
    author = {Directorio DOSPU},
    title = {Resolución Nro. 43D/18},
    year = {2018},
}

@misc{dospuRes71,
    author = {Directorio DOSPU},
    title = {Resolución Nro. 71D/20},
    year = {2020},
}

@misc{dospuRes21,
    author = {Directorio DOSPU},
    title = {Resolución Nro. 21D/21},
    year = {2021},
}

@misc{dospuRes7,
    author = {Directorio DOSPU},
    title = {Resolución Nro. 7D/21},
    year = {2021},
}

@misc{dospuRes60,
    author = {Directorio DOSPU},
    title = {Resolución Nro. 60},
    year = {2022},
}

@misc{CSOrd17,
    author = {Consejo Superior de la Universidad de San Luis},
    title = {Ordenanza C.S. Nro. 17D/22},
    year = {2016},
}
