@thesis{Vela2024,
    author = {Agustin Vela Luengo},
    title = {Un Sistema Informático de Expendio de Órdenes para DOSPU},
    type = {Trabajo integrador final},
    institution = {Universidad Nacional de San Luis},
    year = {2024},
}

@inproceedings{sampol2019sistema,
    title = {Un sistema operacional mejorado con el uso de un motor de reglas de
             negocio: el caso SENASA},
    author = {Sampol, Mariano and Beltramino, Guillermo and Arellano, Matias and
              Baz{\'a}n, Patricia},
    booktitle = {XIII Simposio de Inform{\'a}tica en el Estado (SIE 2019)-JAIIO
                 48 (Salta)},
    year = {2019},
}

@inproceedings{medic2019calculation,
    title = {Calculation of Insurance Policy Prices Using Rules-based Systems},
    author = {Medi{\'c}, Mina and Preradov, Katarina and Zari{\'c}, Miroslav and
              Sladi{\'c}, Goran and Nikoli{\'c}, Sini{\v{s}}a},
    booktitle = {Proceedings of the 9th International Conference on Information
                 Society and Technology},
    pages = {187--191},
    year = {2019},
}

@article{proctor2012drools,
    title = {Drools: a rule engine for complex event processing},
    author = {Proctor, Mark},
    journal = {Applications of Graph Transformations with Industrial Relevance},
    volume = {7233},
    pages = {2--2},
    year = {2012},
    publisher = {Springer Heidelberg},
}
